@misc{ROS:2015:Online,
title = {ROS Wiki},
note = {http://www.ros.org/},
month = {11},
year = {2015}
}
